<record><leader>00000cas a2200000 i 4500</leader><controlfield tag="001">15293896</controlfield><controlfield tag="008">870310d18971965inuwr ne      0    0eng c</controlfield><datafield ind1=" " ind2=" " tag="010"><subfield code="a">sn 87055329 </subfield></datafield><datafield ind1=" " ind2=" " tag="040"><subfield code="a">NPI</subfield><subfield code="b">eng</subfield><subfield code="e">rda</subfield><subfield code="c">NPI</subfield><subfield code="d">OCLCQ</subfield><subfield code="d">IUL</subfield><subfield code="d">OCLCF</subfield></datafield><datafield ind1=" " ind2=" " tag="042"><subfield code="a">pcc</subfield></datafield><datafield ind1=" " ind2=" " tag="043"><subfield code="a">n-us-in</subfield></datafield><datafield ind1="0" ind2=" " tag="130"><subfield code="a">Denver tribune (Denver, Ind.)</subfield></datafield><datafield ind1="1" ind2="0" tag="245"><subfield code="a">Denver tribune.</subfield></datafield><datafield ind1=" " ind2="1" tag="264"><subfield code="a">Denver, Indiana :</subfield><subfield code="b">Norris &amp; Woolley,</subfield><subfield code="c">1897-1965.</subfield></datafield><datafield ind1=" " ind2=" " tag="300"><subfield code="a">51 volumes</subfield></datafield><datafield ind1=" " ind2=" " tag="310"><subfield code="a">Weekly</subfield></datafield><datafield ind1=" " ind2=" " tag="336"><subfield code="a">text</subfield><subfield code="b">txt</subfield><subfield code="2">rdacontent</subfield></datafield><datafield ind1=" " ind2=" " tag="337"><subfield code="a">unmediated</subfield><subfield code="b">n</subfield><subfield code="2">rdamedia</subfield></datafield><datafield ind1=" " ind2=" " tag="338"><subfield code="a">volume</subfield><subfield code="b">nc</subfield><subfield code="2">rdacarrier</subfield></datafield><datafield ind1="0" ind2=" " tag="362"><subfield code="a">Vol. 1, no. 1 (March 25, 1897)-v. 51, no. 20 (Sept. 23, 1965).</subfield></datafield><datafield ind1=" " ind2="0" tag="651"><subfield code="a">Denver (Ind.)</subfield><subfield code="v">Newspapers.</subfield></datafield><datafield ind1=" " ind2="0" tag="651"><subfield code="a">Miami County (Ind.)</subfield><subfield code="v">Newspapers.</subfield></datafield><datafield ind1=" " ind2="7" tag="651"><subfield code="a">Indiana</subfield><subfield code="z">Denver.</subfield><subfield code="2">fast</subfield><subfield code="0">(OCoLC)fst01257045</subfield></datafield><datafield ind1=" " ind2="7" tag="651"><subfield code="a">Indiana</subfield><subfield code="z">Miami County.</subfield><subfield code="2">fast</subfield><subfield code="0">(OCoLC)fst01207937</subfield></datafield><datafield ind1=" " ind2="7" tag="655"><subfield code="a">Newspapers.</subfield><subfield code="2">fast</subfield><subfield code="0">(OCoLC)fst01423814</subfield></datafield><datafield ind1=" " ind2=" " tag="752"><subfield code="a">United States</subfield><subfield code="b">Indiana</subfield><subfield code="c">Miami</subfield><subfield code="d">Denver.</subfield></datafield><datafield ind1="0" ind2="7" tag="785"><subfield code="t">Peru Republican</subfield><subfield code="w">(DLC)sn 84038000</subfield><subfield code="w">(OCoLC)11172031</subfield></datafield><datafield ind1="0" ind2="7" tag="785"><subfield code="t">Wabash Valley times</subfield><subfield code="w">(DLC)sn 87097008</subfield><subfield code="w">(OCoLC)17273258</subfield></datafield><datafield ind1="4" ind2="1" tag="856"><subfield code="u">https://access.newspaperarchive.com/us/indiana/denver/denver-tribune/</subfield></datafield></record>